@article{hutchins2011intelligence,
  added-at = {2014-09-18T22:26:31.000+0200},
  author = {Hutchins, Eric M and Cloppert, Michael J and Amin, Rohan M},
  biburl = {https://www.bibsonomy.org/bibtex/273bbc6faa2617b0d2f72bb3dff126d6d/cerebus2},
  interhash = {ce281b592eb8dc68cb35e45ff801bd3c},
  intrahash = {73bbc6faa2617b0d2f72bb3dff126d6d},
  journal = {Leading Issues in Information Warfare \& Security Research},
  keywords = {cyber},
  pages = 80,
  timestamp = {2014-09-18T22:26:31.000+0200},
  title = {Intelligence-driven computer network defense informed by analysis of adversary campaigns and intrusion kill chains},
  volume = 1,
  year = 2011
}

@misc{wellknown,
  author = "{Internet Assigned Number Authority (IANA)}",
  title = "{Service Name and Transport Protocol Port Number Registry}",
  howpublished = {https://www.iana.org/assignments/service-names-port-numbers/service-names-port-numbers.xhtml}
}